@article{dijetHarris,

      author        = {Robert M. Harris and Konstantinos Kousouris},
      title         = {Searches for dijet resonances at hadron colliders},
      journal       = {Int. J. Modern Phys.},
      volume        = {26},
      number        = {30n31},
      pages         = {5005-5055},
      year          = {2011},
      eprint         = "1110.5302",
      archivePrefix  = "arXiv",
      primaryClass   = "hep-ph",
      doi           = {10.1142/S0217751X11054905}

}

@article{Goodman:2010ku,
      author         = "Goodman, Jessica and Ibe, Masahiro and Rajaraman, Arvind
                        and Shepherd, William and Tait, Tim M.P. and others",
      title          = "{Constraints on Dark Matter from Colliders}",
      journal        = "Phys.Rev.",
      volume         = "D82",
      pages          = "116010",
      doi            = "10.1103/PhysRevD.82.116010",
      year           = "2010",
      eprint         = "1008.1783",
      archivePrefix  = "arXiv",
      primaryClass   = "hep-ph",
      reportNumber   = "UCI-HEP-TR-2010-15",
      SLACcitation   = "%%CITATION = ARXIV:1008.1783;%%",
}

@article{Nelson:2013pqa,
      author         = "Nelson, Andy and Carpenter, Linda M. and Cotta, Randel
                        and Johnstone, Adam and Whiteson, Daniel",
      title          = "{Confronting the Fermi Line with LHC data: an Effective
                        Theory of Dark Matter Interaction with Photons}",
      journal        = "Phys.Rev.",
      number         = "5",
      volume         = "D89",
      pages          = "056011",
      doi            = "10.1103/PhysRevD.89.056011",
      year           = "2014",
      eprint         = "1307.5064",
      archivePrefix  = "arXiv",
      primaryClass   = "hep-ph",
      SLACcitation   = "%%CITATION = ARXIV:1307.5064;%%",
}

