@article{Cacciapagliaetal,
      author         = "Boucheneb, Idir and Cacciapaglia, Giacomo and Deandrea,
                        Aldo and Fuks, Benjamin",
      title          = "{Revisiting monotop production at the LHC}",
      year           = "2014",
      eprint         = "1407.7529",
      archivePrefix  = "arXiv",
      primaryClass   = "hep-ph",
      reportNumber   = "CERN-PH-TH-2014-140, LYCEN-2014-11",
      SLACcitation   = "%%CITATION = ARXIV:1407.7529;%%",
}

@article{AndreaFuksMaltoni,
      author         = "Andrea, J. and Fuks, B. and Maltoni, F.",
      title          = "{Monotops at the LHC}",
      journal        = "Phys.Rev.",
      volume         = "D84",
      pages          = "074025",
      doi            = "10.1103/PhysRevD.84.074025",
      year           = "2011",
      eprint         = "1106.6199",
      archivePrefix  = "arXiv",
      primaryClass   = "hep-ph",
      reportNumber   = "CP3-11-21, IPHC-PHENO-11-03",
      SLACcitation   = "%%CITATION = ARXIV:1106.6199;%%",
}

@article{Agram:2013wda,
      author         = "Agram, Jean-Laurent and Andrea, Jeremy and Buttignol,
                        Michael and Conte, Eric and Fuks, Benjamin",
      title          = "{Monotop phenomenology at the Large Hadron Collider}",
      journal        = "Phys.Rev.",
      number         = "1",
      volume         = "D89",
      pages          = "014028",
      doi            = "10.1103/PhysRevD.89.014028",
      year           = "2014",
      eprint         = "1311.6478",
      archivePrefix  = "arXiv",
      primaryClass   = "hep-ph",
      reportNumber   = "CERN-PH-TH-2013-277",
      SLACcitation   = "%%CITATION = ARXIV:1311.6478;%%",
}

@article{CDFmonotop,
      author         = "Aaltonen, T. and others",
      title          = "{Search for a dark matter candidate produced in
                        association with a single top quark in $p\bar{p}$
                        collisions at $\sqrt{s} = 1.96$ TeV}",
      collaboration  = "CDF Collaboration",
      journal        = "Phys.Rev.Lett.",
      volume         = "108",
      pages          = "201802",
      doi            = "10.1103/PhysRevLett.108.201802",
      year           = "2012",
      eprint         = "1202.5653",
      archivePrefix  = "arXiv",
      primaryClass   = "hep-ex",
      reportNumber   = "FERMILAB-PUB-12-053-E",
      SLACcitation   = "%%CITATION = ARXIV:1202.5653;%%",
}

@article{CMSmonotop,
      title         = "{Search for new physics with monotop final states in $pp$
                       collisions at $\sqrt{s} = 8$ TeV}",
      institution   = "CERN",
      collaboration = "CMS Collaboration",
      address       = "Geneva",
      report        = "CMS-PAS-B2G-12-022",
      year          = "2014",
      url           = "http://cds.cern.ch/record/1668115/",
}

@article{ATLASmonotop,
      title          = "{Search for a single-top quark produced in association with missing energy in proton-proton collisions at $\sqrt{s}=\mathrm{8~TeV}$  with the ATLAS detector}",
      collaboration  = "ATLAS Collaboration",
      journal        = "Eur.\ Phys. J.\ C",
      volume         = "75:79",
      pages          = "",
      doi            = "10.1140/epjc/s10052-014-3233-4",
      year           = "2015",
      eprint         = "1410.5404",
      archivePrefix  = "arXiv",
      primaryClass   = "hep-ex",
}


@article{ATLASsamesigntop,
      title          = "{Analysis of events with $b$-jets and two leptons of the same charge or three leptons in $pp$ collisions at $\sqrt{s}=8$~TeV with the ATLAS detector}",
      collaboration  = "ATLAS Collaboration",
      journal        = "Submitted\ to\ Eur.\ Phys. J.\ C",
      volume         = "",
      pages          = "",
      doi            = "",
      year           = "2015",
      eprint         = "1504.04605",
      archivePrefix  = "arXiv",
      primaryClass   = "hep-ex",
}

@misc{MGmodel,
  author = {Fuks, Benjamin},
  title = {{Monotop Effective Theory: MadGraph model}},
  howpublished = "\url{http://feynrules.irmp.ucl.ac.be/wiki/Monotops}",
}